@misc{androiddocs:sensormanager,
  author = "Google Developers",
  title = "Sensor Manager",
  url = "https://developer.android.com/reference/android/hardware/SensorManager.html"
}

@misc{androiddocs:sensor,
  author = "Google Developers",
  title = "Sensor",
  url = "https://developer.android.com/reference/android/hardware/Sensor.html"
}

@misc{androiddocs:sensoreventlistener,
  author = "Google Developers",
  title = "Sensor Event Listener",
  url = "https://developer.android.com/reference/android/hardware/SensorEventListener.html"
}